@misc{gg,
	title = {TCP Congestion Algorithms In Datacenters},
	author = {Rick van Gorp and Luc Gommans},
	URL = {https://github.com/lgommans/lsproj/blob/master/paper/paper-v1.0.1-2017-12-24.pdf}
}
